@inbook{refer,
    author = "Augusto salazar",
    tittle = "Taller - Nociones de la memoria del computador",
    publisher = "",
    year = "",
    chapter = "",
    keywords = "",
}
@inbook{memorias,
    author = "TechLib",
    tittle = "Definición de memoria volátil",
    publisher = "TechLib ",
    year = "",
    chapter = "",
    keywords = "",
}